@online{turing-hibrid-development,
  title        = {Everything You Need to Know About Hybrid Mobile App Development},
  author       = {Turing},
  year         = 2024,
  url          = {https://www.turing.com/resources/hybrid-mobile-app-development},
  urldate      = {2016-01-01}
}

@online{forbes-hibrid-development,
  title        = {Low Code Explosion: Why 37 Of The Top 50 Retail Apps Are Hybrid},
  author       = {Forbes},
  year         = 2020,
  url          = {https://www.forbes.com/sites/johnkoetsier/2020/11/23/low-code-explosion-why-37-of-the-top-50-retail-apps-are-hybrid/?sh=592443d288b1},
  urldate      = {2024-11-30}
}