@article{pereira2016chatbots,
  title={Chatbots' Greetings to Human-Computer Communication},
  author={Pereira, M Jo{\~a}o and Coheur, Lu{\'i}s and Fialho, Pedro and Ribeiro, Ricardo},
  journal={arXiv preprint arXiv:1609.06479},
  year={2016}
}

@misc{katz2024transformacion,
  author = {Katz, Raúl},
  title = {Importancia estratégica de la transformación digital del sector productivo y de gobiernos municipales de Bolivia},
  year = {2024},
  howpublished = {Comisión Económica para América Latina y el Caribe (CEPAL)},
  url = {https://www.cepal.org/es/publicaciones/49187-importancia-estrategica-la-transformacion-digital-del-sector-productivo-gobiernos},
  note = {Consultado el 7 de junio de 2025}
}

@book{davenport1997working,
  title={Working Knowledge: How Organizations Manage What They Know},
  author={Davenport, Thomas H. and Prusak, Laurence},
  year={1997},
  publisher={Harvard Business Press}
}

@book{hearst2009search,
  title={Search User Interfaces},
  author={Hearst, Marti A.},
  year={2009},
  publisher={Cambridge University Press},
  url={https://searchuserinterfaces.com/book/}
}
@book{spinellis2006code,
  title={Code Reading: The Open Source Perspective},
  author={Spinellis, Diomidis},
  year={2006},
  publisher={Addison-Wesley Professional}
}

@inproceedings{forward2002relevance,
  title={The relevance of software documentation, tools and technologies: a survey},
  author={Forward, Andrew and Lethbridge, Timothy C.},
  booktitle={Proceedings of the 2002 ACM symposium on Document engineering},
  pages={26--33},
  year={2002},
  organization={ACM}
}

@misc{atpco2022,
  author = {{Airline Tariff Publishing Company}},
  title = {ATPCO Data Application Guide},
  year = {2022},
  howpublished = {Disponible en: https://www.atpco.net/resources/documentation},
  note = {Consultado el 7 de junio de 2025}
}

@inproceedings{sriraman2021semantic,
  title={Semantic Search for Complex Software Engineering Artifacts: An Industrial Case Study},
  author={Sriraman, Manu and Singh, Jaspreet and Schulze, Julian and Zimmermann, Thomas},
  booktitle={2021 IEEE/ACM 43rd International Conference on Software Engineering: Software Engineering in Practice (ICSE-SEIP)},
  pages={41--50},
  year={2021},
  organization={IEEE}
}
@inproceedings{maalej2011bug,
  title={Bug report, feature request, or simply praise? On automatically classifying app reviews},
  author={Maalej, Walid and Pagano, Dennis},
  booktitle={2011 IEEE 19th International Requirements Engineering Conference},
  pages={211--220},
  year={2011},
  organization={IEEE}
}

@article{baumer2014meaning,
  title={Meaning, sensemaking, and understanding in UX research: The structure of communication},
  author={Bäumer, Daniel and Witt, Christian and Götz, Stephan},
  journal={IEEE Software},
  volume={31},
  number={4},
  pages={90--96},
  year={2014},
  publisher={IEEE}
}

@book{jurafsky2023speech,
  title={Speech and Language Processing},
  author={Jurafsky, Daniel and Martin, James H.},
  edition={3},
  year={2023},
  publisher={Pearson}
}
@book{morville2006ambient,
  title={Ambient Findability: What We Find Changes Who We Become},
  author={Morville, Peter},
  year={2006},
  publisher={O'Reilly Media, Inc.}
}

@book{white2016content,
  title={Content Strategy for Interfaces},
  author={White, Michael},
  year={2016},
  publisher={Rosenfeld Media}
}
@misc{ficct2022lineas,
  title={Áreas, objetivos, líneas y ejes temáticos de investigación UPG - FICCT},
  author={Facultad de Ingeniería en Ciencias de la Computación y Telecomunicaciones},
  year={2022},
  note={Universidad Autónoma Gabriel René Moreno},
  url={https://www.ficct.uagrm.edu.bo}
}