@online{ibm-ml,
  title        = {What is machine learning (ML)?},
  author       = {IBM},
  year         = 2024,
  url          = {https://www.ibm.com/topics/machine-learning},
  urldate      = {2024-06-22}
}

@online{ibm-sl,
  title        = {What is supervised learning?},
  author       = {IBM},
  year         = 2020,
  url          = {https://www.ibm.com/topics/supervised-learning},
  urldate      = {2024-06-23}
}

@online{ibm-usl,
  title        = {What is unsupervised learning?},
  author       = {IBM},
  year         = 2020,
  url          = {https://www.ibm.com/topics/unsupervised-learning},
  urldate      = {2024-06-23}
}

@online{red-hat-api-gateway,
  organization = {Red Hat},
  title        = {What does an API gateway do?},
  author       = {Red Hat},
  year         = 2024,
  url          = {https://www.redhat.com/en/topics/api/what-does-an-api-gateway-do},
  urldate      = {2019-01-08}
}

@online{kong-what-is-api-gateway,
  organization = {Kong},
  title        = {What is an API Gateway?},
  author       = {Kong},
  year         = 2024,
  url          = {https://konghq.com/blog/learning-center/what-is-an-api-gateway},
  urldate      = {2023-06-10}
}

@online{kong-api-gateway,
  organization = {Kong},
  title        = {Kong API Gateway},
  author       = {Kong},
  year         = 2024,
  url          = {https://docs.konghq.com/gateway/latest/},
  urldate      = {2024-08-30}
}

@online{konnect-advanced-analytics,
  organization = {Kong},
  title        = {Konnect Advanced Analytics},
  author       = {Kong},
  year         = 2024,
  url          = {https://docs.konghq.com/konnect/analytics/},
  urldate      = {2024-08-30}
}

@online{kong-services-routes,
  organization = {Kong},
  title        = {Kong - Services and Routes},
  author       = {Kong},
  year         = 2024,
  url          = {https://docs.konghq.com/gateway/latest/get-started/services-and-routes/},
  urldate      = {2024-08-30}
}