@online{ibm-data-visualization,
  title        = {What is data visualization?},
  author       = {IBM},
  year         = 2024,
  url          = {https://www.ibm.com/topics/data-visualization},
  urldate      = {2024-09-02}
}

@online{aws-data-visualization,
  title        = {What is Data Visualization?},
  author       = {AWS},
  year         = 2024,
  url          = {https://aws.amazon.com/what-is/data-visualization},
  urldate      = {2024-09-02}
}
