@online{apache-spark,
  title        = {Apache Spark - A Unified engine for large-scale data analytics},
  author       = {Apache Spark},
  year         = 2024,
  url          = {https://spark.apache.org/docs/latest/#apache-spark-a-unified-engine-for-large-scale-data-analytics},
  urldate      = {2024-06-30}
}

@online{ibm-spark,
  title        = {What is Apache Spark?},
  author       = {AWS},
  year         = 2024,
  url          = {https://aws.amazon.com/what-is/apache-spark},
  urldate      = {2024-06-30}
}

@online{apache-airflow,
  title        = {What is Airflow ?},
  author       = {Apache Airflow},
  year         = 2024,
  url          = {https://airflow.apache.org/docs/apache-airflow/stable/index.html},
  urldate      = {2024-06-30}
}

@online{runai-airflow,
  title        = {Apache Airflow - Use Cases, Architecture, and Best Practices},
  author       = {Run AI},
  year         = 2024,
  url          = {https://www.run.ai/guides/machine-learning-operations/apache-airflow},
  urldate      = {2024-06-30}
}

@online{apache-hive,
  title        = {Apache Hive},
  author       = {Apache Hive},
  year         = 2020,
  url          = {https://hive.apache.org},
  urldate      = {2024-06-30}
}

@online{aws-hive,
  title        = {What is Apache Hive?},
  author       = {AWS},
  year         = 2020,
  url          = {https://aws.amazon.com/what-is/apache-hive},
  urldate      = {2024-06-30}
}
