@misc{asana_story_points,
  author       = {Asana},
  title        = {¿Qué son los puntos de historia?},
  year         = {2023},
  url          = {https://asana.com/es/resources/story-points},
  note         = {Accedido en noviembre de 2024}
}

@misc{asana_planning_poker,
  author       = {Asana},
  title        = {¿Qué es el Planning Poker?},
  year         = {2023},
  url          = {https://asana.com/es/resources/planning-poker},
  note         = {Accedido en noviembre de 2024}
}
